% !Mode:: "TeX:UTF-8"
@Book{Gao2017SLAM, 
  title={14 Lectures on Visual SLAM: From Theory to Practice},
  publisher = {Publishing House of Electronics Industry}, 
  year = {2017}, 
  author = {Xiang Gao and Tao Zhang and Yi Liu and Qinrui Yan}, 
}
@article{贺勇2015基于多传感器的车道级高精细地图制作方法,
  title={基于多传感器的车道级高精细地图制作方法},
  author={贺勇 and 路昊 and 王春香 and 杨明 and 吴涛},
  journal={长安大学学报 (自然科学版)},
  volume={35},
  number={S1},
  pages={274G278},
  year={2015}
}
@article{贺一家2018基于多传感器信息融合的视觉,
  title={基于多传感器信息融合的视觉 SLAM 方法研究},
  author={贺一家 and others},
  year={2018}
}
@article{thrun2002probabilistic,
  title={Probabilistic robotics},
  author={Thrun, Sebastian},
  journal={Communications of the ACM},
  volume={45},
  number={3},
  pages={52--57},
  year={2002},
  publisher={ACM}
}
@article{psaltis1988multilayered,
  title={A multilayered neural network controller},
  author={Psaltis, Demetri and Sideris, Athanasios and Yamamura, Alan A},
  journal={IEEE control systems magazine},
  volume={8},
  number={2},
  pages={17--21},
  year={1988},
  publisher={IEEE}
}

@article{bouvrie2006notes,
  title={Notes on convolutional neural networks},
  author={Bouvrie, Jake},
  year={2006}
}

@article{rumelhart1986learning,
  title={Learning representations by back-propagating errors},
  author={Rumelhart, David E and Hinton, Geoffrey E and Williams, Ronald J},
  journal={nature},
  volume={323},
  number={6088},
  pages={533},
  year={1986},
  publisher={Nature Publishing Group}
}

@inproceedings{krizhevsky2012imagenet,
  title={Imagenet classification with deep convolutional neural networks},
  author={Krizhevsky, Alex and Sutskever, Ilya and Hinton, Geoffrey E},
  booktitle={Advances in neural information processing systems},
  pages={1097--1105},
  year={2012}
}

@article{hinton2006reducing,
  title={Reducing the dimensionality of data with neural networks},
  author={Hinton, Geoffrey E and Salakhutdinov, Ruslan R},
  journal={science},
  volume={313},
  number={5786},
  pages={504--507},
  year={2006},
  publisher={American Association for the Advancement of Science}
}

@article{mikolov2013efficient,
  title={Efficient estimation of word representations in vector space},
  author={Mikolov, Tomas and Chen, Kai and Corrado, Greg and Dean, Jeffrey},
  journal={arXiv preprint arXiv:1301.3781},
  year={2013}
}

@inproceedings{kavukcuoglu2010learning,
  title={Learning convolutional feature hierarchies for visual recognition},
  author={Kavukcuoglu, Koray and Sermanet, Pierre and Boureau, Y-Lan and Gregor, Karol and Mathieu, Micha{\"e}l and Cun, Yann L},
  booktitle={Advances in neural information processing systems},
  pages={1090--1098},
  year={2010}
}

@article{fukushima1983neocognitron,
  title={Neocognitron: A neural network model for a mechanism of visual pattern recognition},
  author={Fukushima, Kunihiko and Miyake, Sei and Ito, Takayuki},
  journal={IEEE transactions on systems, man, and cybernetics},
  number={5},
  pages={826--834},
  year={1983},
  publisher={IEEE}
}

%master thesis
@phdthesis{huang2014,
	language = {chinese},
	auther = {黄海洋},
	Title = {面向大数据的CPU/GPU/FPGA计算平台研究},
	ADDRESS = "成都",
	School = {电子科技大学},
	Year = {2016},
	pages = {1-23},
}

%PhD thesis
@phdthesis{Chen1992,
   language   ="chinese",
   Author = {谌颖},
   Title = {空间最优交会控制理论与方法研究},
   ADDRESS = "哈尔滨",
   School = {哈尔滨工业大学},
   Year = {1992},
   pages= {8-13},
}

@article{shen2007compute,
  title={计算机体系结构的统一模型},
  author={沈绪榜 and 刘泽响 and 王茹},
  journal={计算机学报},
  volume={30},
  number={5},
  pages={729--736},
  year={2007},
  %publisher={IEEE}
}

@article{wang2017mul,
  title={Parallel Algorithm of Convolutional Neural Network in Multi-GPU Environment},
  author={WANG Yu-min and GU Nai-jie and ZHANG Xiao-vi},
  journal={Journal of Chinese Computer Systems},
  volume={38},
  number={3},
  pages={536--539},
  year={2017},
  %publisher={IEEE}
}

@article{hinton2006reducing,
  title={Reducing the dimensionality of data with neural networks},
  author={Hinton, Geoffrey E and Salakhutdinov, Ruslan R},
  journal={science},
  volume={313},
  number={5786},
  pages={504--507},
  year={2006},
  publisher={American Association for the Advancement of Science}
}

@article{cevher2014convex,
  title={Convex optimization for big data: Scalable, randomized, and parallel algorithms for big data analytics},
  author={Cevher, Volkan and Becker, Stephen and Schmidt, Mark},
  journal={IEEE Signal Processing Magazine},
  volume={31},
  number={5},
  pages={32--43},
  year={2014},
  publisher={IEEE}
}

@inproceedings{seide20141,
  title={1-bit stochastic gradient descent and its application to data-parallel distributed training of speech dnns},
  author={Seide, Frank and Fu, Hao and Droppo, Jasha and Li, Gang and Yu, Dong},
  booktitle={Fifteenth Annual Conference of the International Speech Communication Association},
  year={2014}
}

@inproceedings{zhang2013asynchronous,
  title={Asynchronous stochastic gradient descent for DNN training},
  author={Zhang, Shanshan and Zhang, Ce and You, Zhao and Zheng, Rong and Xu, Bo},
  booktitle={Acoustics, Speech and Signal Processing (ICASSP), 2013 IEEE International Conference on},
  pages={6660--6663},
  year={2013},
  organization={IEEE}
}

@phdthesis{xu2015,
   language   ="chinese",
   Author = {徐顺苟},
   Title = {GPU计算在大数据处理中的应用},
   ADDRESS = "兰州",
   School = {兰州大学},
   Year = {2015},
   pages= {8-13},
}

@phdthesis{chen2013,
   language   ="chinese",
   Author = {陈志坚},
   Title = {基于FPGA的卷积神经网络并行结构研究},
   ADDRESS = "哈尔滨",
   School = {哈尔滨工程大学},
   Year = {2013},
   pages= {7-13},
}

@inproceedings{abdel2012applying,
  title={Applying convolutional neural networks concepts to hybrid NN-HMM model for speech recognition},
  author={Abdel-Hamid, Ossama and Mohamed, Abdel-rahman and Jiang, Hui and Penn, Gerald},
  booktitle={Acoustics, Speech and Signal Processing (ICASSP), 2012 IEEE International Conference on},
  pages={4277--4280},
  year={2012},
  organization={IEEE}
}

@article{chen2017eyeriss,
  title={Eyeriss: An energy-efficient reconfigurable accelerator for deep convolutional neural networks},
  author={Chen, Yu-Hsin and Krishna, Tushar and Emer, Joel S and Sze, Vivienne},
  journal={IEEE Journal of Solid-State Circuits},
  volume={52},
  number={1},
  pages={127--138},
  year={2017},
  publisher={IEEE}
}

@inproceedings{desoli201714,
  title={14.1 a 2.9 tops/w deep convolutional neural network soc in fd-soi 28nm for intelligent embedded systems},
  author={Desoli, Giuseppe and Chawla, Nitin and Boesch, Thomas and Singh, Surinder-pal and Guidetti, Elio and De Ambroggi, Fabio and Majo, Tommaso and Zambotti, Paolo and Ayodhyawasi, Manuj and Singh, Harvinder and others},
  booktitle={Solid-State Circuits Conference (ISSCC), 2017 IEEE International},
  pages={238--239},
  year={2017},
  organization={IEEE}
}

@article{boser1991analog,
  title={An analog neural network processor with programmable topology},
  author={Boser, Bernhard E and Sackinger, Eduard and Bromley, Jane and Le Cun, Yann and Jackel, Lawrence D},
  journal={IEEE Journal of Solid-State Circuits},
  volume={26},
  number={12},
  pages={2017--2025},
  year={1991}
}

@article{sackinger1992application,
  title={Application of the ANNA neural network chip to high-speed character recognition},
  author={Sackinger, Eduard and Boser, Bernhard E and Bromley, Jane and LeCun, Yann and Jackel, Lawrence D},
  journal={IEEE Transactions on Neural Networks},
  volume={3},
  number={3},
  pages={498--505},
  year={1992},
  publisher={IEEE}
}

@inproceedings{mutch2006multiclass,
  title={Multiclass object recognition with sparse, localized features},
  author={Mutch, Jim and Lowe, David G},
  booktitle={Computer Vision and Pattern Recognition, 2006 IEEE Computer Society Conference on},
  volume={1},
  pages={11--18},
  year={2006},
  organization={IEEE}
}

@article{agrawal2011tutor,
  title={A tutor for the hearing impaired (Developed using automatic gesture recognition)},
  author={Agrawal, I and Johar, Swati and Santhosh, Jayashree},
  journal={International Journal of Computer Science, Engineering and Applications (IJCSEA)},
  volume={1},
  number={4},
  pages={49--61},
  year={2011}
}

@inproceedings{panwar2011hand,
  title={Hand gesture recognition for human computer interaction},
  author={Panwar, Meenakshi and Mehra, Pawan Singh},
  booktitle={Image Information Processing (ICIIP), 2011 International Conference on},
  pages={1--7},
  year={2011},
  organization={IEEE}
}

@inproceedings{jouppi2017datacenter,
  title={In-datacenter performance analysis of a tensor processing unit},
  author={Jouppi, Norman P and Young, Cliff and Patil, Nishant and Patterson, David and Agrawal, Gaurav and Bajwa, Raminder and Bates, Sarah and Bhatia, Suresh and Boden, Nan and Borchers, Al and others},
  booktitle={Computer Architecture (ISCA), 2017 ACM/IEEE 44th Annual International Symposium on},
  pages={1--12},
  year={2017},
  organization={IEEE}
}









@book{xin1994,
  language={chinese},
  title={信息技术与信息服务国际研讨会论文集},
  author={辛希孟 and 中国科学院文献信息中心 and 孟广均 and 信息学},
  year={1994},
  publisher={中国社会科学出版社},
	pages={45-49},
	address={北京},
	typeoflit={C},
}

@book{zhao1998,
  language={chinese},
  title={新时代的工业工程师},
  author={赵耀东},
  year={1998},
	citedate =     {1998-09-26},
	address={台北},
  publisher={天下文化出版社},
	url={http://www.ie.nthu.edu.tw/info/ie.newie.htm(Big5)},
	typeoflit={M/OL},
}

@inproceedings{chen2016real,
  title={Real-time target tracking and positioning on FPGA},
  author={Chen, Chen and Liu, Yunhui and Lyu, Congyi and Zhou, Weiguo and Peng, Jianqing and Jiang, Xin and Li, Peng},
  booktitle={Real-time Computing and Robotics (RCAR), IEEE International Conference on},
  pages={448--453},
  year={2016},
  organization={IEEE}
}
